@BOOK{Sychev,
  author = {Сычёв, М. С.},
  title = {История Астраханского казачьего войска: учебное пособие},
  address = {Астрахань},
  publisher = {Волга},
  year = {2009},
  numpages = {231},
  language = {russian}
}

@ARTICLE{Berestova,
  author = {Берестова, Т. Ф.},
  title = {Поисковые инструменты библиотеки},
  journal = {Библиография},
  year = {2006},
  number = {4},
  pages = {19--34},
  language = {russian}
}

@ARTICLE{Article,
  author   = {Peter Adams},
  title    = {The title of the work},
  journal  = {The name of the journal},
  year     = {1993},
  number   = {2},
  pages    = {201--213},
  volume   = {4},
  language = {english}
}

@CONFERENCE{Conference,
  author       = {Peter Draper}, 
  title        = {The title of the work},
  booktitle    = {The title of the book},
  year         = {1993},
  editor       = {The editor},
  volume       = {4},
  series       = {5},
  pages        = {213},
  address      = {The address of the publisher},
  organization = {The organization},
  publisher    = {The publisher},
  language     = {english}
}

@MISC{webSite,
	author = {Peter Draper},
	title = {The Catalan numbers, regular languages, and orthogonal polynomials},
	howpublished = "\url{https://qchu.wordpress.com/2009/06/07/the-catalan-numbers-regular-languages-and-orthogonal-polynomials/}",
	year = {2009 (дата обращения: 15 августа 2018~г.)},
	language = {russian}
}
